%% This BibTeX bibliography file was created using BibDesk.
%% http://bibdesk.sourceforge.net/

%% Created for Lin,Tzu-Heng at 2016-10-30 01:25:45 +0800 


%% Saved with string encoding Unicode (UTF-8) 



@article{hinton2006reducing,
	Author = {Hinton, Geoffrey E and Salakhutdinov, Ruslan R},
	Date-Added = {2016-10-29 17:25:13 +0000},
	Date-Modified = {2016-10-29 17:25:35 +0000},
	Journal = {Science},
	Keywords = {Autoencoder},
	Number = {5786},
	Pages = {504--507},
	Publisher = {American Association for the Advancement of Science},
	Title = {Reducing the dimensionality of data with neural networks},
	Volume = {313},
	Year = {2006}}

@misc{mcclelland1987parallel,
	Author = {McClelland, James L and Rumelhart, David E and PDP Research Group and others},
	Date-Added = {2016-10-29 17:23:49 +0000},
	Date-Modified = {2016-10-29 17:23:59 +0000},
	Keywords = {RBM},
	Publisher = {MIT press Cambridge, MA},
	Title = {Parallel distributed processing},
	Year = {1987}}

@article{roberts1997weak,
	Author = {Roberts, Gareth O and Gelman, Andrew and Gilks, Walter R and others},
	Date-Added = {2016-10-29 16:57:07 +0000},
	Date-Modified = {2016-10-29 16:57:51 +0000},
	Journal = {The annals of applied probability},
	Keywords = {Optimal of jumping rate},
	Number = {1},
	Pages = {110--120},
	Publisher = {Institute of Mathematical Statistics},
	Title = {Weak convergence and optimal scaling of random walk Metropolis algorithms},
	Volume = {7},
	Year = {1997}}

@article{metropolis1953equation,
	Author = {Metropolis, Nicholas and Rosenbluth, Arianna W and Rosenbluth, Marshall N and Teller, Augusta H and Teller, Edward},
	Date-Added = {2016-10-29 16:54:54 +0000},
	Date-Modified = {2016-10-29 16:57:22 +0000},
	Journal = {The journal of chemical physics},
	Keywords = {Metopolis},
	Number = {6},
	Pages = {1087--1092},
	Publisher = {AIP Publishing},
	Title = {Equation of state calculations by fast computing machines},
	Volume = {21},
	Year = {1953}}

@article{hastings1970monte,
	Author = {Hastings, W Keith},
	Date-Added = {2016-10-29 16:54:47 +0000},
	Date-Modified = {2016-10-29 16:57:38 +0000},
	Journal = {Biometrika},
	Keywords = {Metropolis Hastings},
	Number = {1},
	Pages = {97--109},
	Publisher = {Biometrika Trust},
	Title = {Monte Carlo sampling methods using Markov chains and their applications},
	Volume = {57},
	Year = {1970}}
